%YAML 1.1
%TAG !u! tag:unity3d.com,2011:
--- !u!1 &4445030593228458472
GameObject:
  m_ObjectHideFlags: 0
  m_CorrespondingSourceObject: {fileID: 0}
  m_PrefabInstance: {fileID: 0}
  m_PrefabAsset: {fileID: 0}
  serializedVersion: 6
  m_Component:
  - component: {fileID: 5316570434815553910}
  - component: {fileID: 2994981653567563156}
  - component: {fileID: 7237906768387591764}
  m_Layer: 0
  m_Name: Cube.006
  m_TagString: Untagged
  m_Icon: {fileID: 0}
  m_NavMeshLayer: 0
  m_StaticEditorFlags: 0
  m_IsActive: 1
--- !u!4 &5316570434815553910
Transform:
  m_ObjectHideFlags: 0
  m_CorrespondingSourceObject: {fileID: 0}
  m_PrefabInstance: {fileID: 0}
  m_PrefabAsset: {fileID: 0}
  m_GameObject: {fileID: 4445030593228458472}
  m_LocalRotation: {x: -0.7071068, y: 0, z: -0, w: 0.7071067}
  m_LocalPosition: {x: 29.876982, y: 0.1249853, z: 2.8562298}
  m_LocalScale: {x: 100, y: 100, z: 100}
  m_Children: []
  m_Father: {fileID: 5346707519535351800}
  m_RootOrder: 0
  m_LocalEulerAnglesHint: {x: 0, y: 0, z: 0}
--- !u!33 &2994981653567563156
MeshFilter:
  m_ObjectHideFlags: 0
  m_CorrespondingSourceObject: {fileID: 0}
  m_PrefabInstance: {fileID: 0}
  m_PrefabAsset: {fileID: 0}
  m_GameObject: {fileID: 4445030593228458472}
  m_Mesh: {fileID: -2228417370725966487, guid: 048fd6e04b90d034681dc28a8d0c8970, type: 3}
--- !u!23 &7237906768387591764
MeshRenderer:
  m_ObjectHideFlags: 0
  m_CorrespondingSourceObject: {fileID: 0}
  m_PrefabInstance: {fileID: 0}
  m_PrefabAsset: {fileID: 0}
  m_GameObject: {fileID: 4445030593228458472}
  m_Enabled: 1
  m_CastShadows: 1
  m_ReceiveShadows: 1
  m_DynamicOccludee: 1
  m_MotionVectors: 1
  m_LightProbeUsage: 1
  m_ReflectionProbeUsage: 1
  m_RenderingLayerMask: 1
  m_RendererPriority: 0
  m_Materials:
  - {fileID: 2100000, guid: 63a9936cb61112341893f777498c7cf1, type: 2}
  m_StaticBatchInfo:
    firstSubMesh: 0
    subMeshCount: 0
  m_StaticBatchRoot: {fileID: 0}
  m_ProbeAnchor: {fileID: 0}
  m_LightProbeVolumeOverride: {fileID: 0}
  m_ScaleInLightmap: 1
  m_ReceiveGI: 1
  m_PreserveUVs: 0
  m_IgnoreNormalsForChartDetection: 0
  m_ImportantGI: 0
  m_StitchLightmapSeams: 1
  m_SelectedEditorRenderState: 3
  m_MinimumChartSize: 4
  m_AutoUVMaxDistance: 0.5
  m_AutoUVMaxAngle: 89
  m_LightmapParameters: {fileID: 0}
  m_SortingLayerID: 0
  m_SortingLayer: 0
  m_SortingOrder: 0
--- !u!1 &7170340216581130722
GameObject:
  m_ObjectHideFlags: 0
  m_CorrespondingSourceObject: {fileID: 0}
  m_PrefabInstance: {fileID: 0}
  m_PrefabAsset: {fileID: 0}
  serializedVersion: 6
  m_Component:
  - component: {fileID: 5322869564389764878}
  - component: {fileID: 6857174532353945888}
  - component: {fileID: 662004814939926034}
  m_Layer: 0
  m_Name: Cube.007
  m_TagString: Untagged
  m_Icon: {fileID: 0}
  m_NavMeshLayer: 0
  m_StaticEditorFlags: 0
  m_IsActive: 1
--- !u!4 &5322869564389764878
Transform:
  m_ObjectHideFlags: 0
  m_CorrespondingSourceObject: {fileID: 0}
  m_PrefabInstance: {fileID: 0}
  m_PrefabAsset: {fileID: 0}
  m_GameObject: {fileID: 7170340216581130722}
  m_LocalRotation: {x: -0.7071068, y: 0, z: -0, w: 0.7071067}
  m_LocalPosition: {x: 29.889723, y: 0.66044956, z: 2.8363388}
  m_LocalScale: {x: 100, y: 100, z: 100}
  m_Children: []
  m_Father: {fileID: 5346707519535351800}
  m_RootOrder: 1
  m_LocalEulerAnglesHint: {x: 0, y: 0, z: 0}
--- !u!33 &6857174532353945888
MeshFilter:
  m_ObjectHideFlags: 0
  m_CorrespondingSourceObject: {fileID: 0}
  m_PrefabInstance: {fileID: 0}
  m_PrefabAsset: {fileID: 0}
  m_GameObject: {fileID: 7170340216581130722}
  m_Mesh: {fileID: -3329902420748629119, guid: 048fd6e04b90d034681dc28a8d0c8970, type: 3}
--- !u!23 &662004814939926034
MeshRenderer:
  m_ObjectHideFlags: 0
  m_CorrespondingSourceObject: {fileID: 0}
  m_PrefabInstance: {fileID: 0}
  m_PrefabAsset: {fileID: 0}
  m_GameObject: {fileID: 7170340216581130722}
  m_Enabled: 1
  m_CastShadows: 1
  m_ReceiveShadows: 1
  m_DynamicOccludee: 1
  m_MotionVectors: 1
  m_LightProbeUsage: 1
  m_ReflectionProbeUsage: 1
  m_RenderingLayerMask: 1
  m_RendererPriority: 0
  m_Materials:
  - {fileID: 2100000, guid: 63a9936cb61112341893f777498c7cf1, type: 2}
  m_StaticBatchInfo:
    firstSubMesh: 0
    subMeshCount: 0
  m_StaticBatchRoot: {fileID: 0}
  m_ProbeAnchor: {fileID: 0}
  m_LightProbeVolumeOverride: {fileID: 0}
  m_ScaleInLightmap: 1
  m_ReceiveGI: 1
  m_PreserveUVs: 0
  m_IgnoreNormalsForChartDetection: 0
  m_ImportantGI: 0
  m_StitchLightmapSeams: 1
  m_SelectedEditorRenderState: 3
  m_MinimumChartSize: 4
  m_AutoUVMaxDistance: 0.5
  m_AutoUVMaxAngle: 89
  m_LightmapParameters: {fileID: 0}
  m_SortingLayerID: 0
  m_SortingLayer: 0
  m_SortingOrder: 0
--- !u!1 &8964428191691601387
GameObject:
  m_ObjectHideFlags: 0
  m_CorrespondingSourceObject: {fileID: 0}
  m_PrefabInstance: {fileID: 0}
  m_PrefabAsset: {fileID: 0}
  serializedVersion: 6
  m_Component:
  - component: {fileID: 5346707519535351800}
  m_Layer: 0
  m_Name: NewsPaper_Vendor_Full
  m_TagString: Untagged
  m_Icon: {fileID: 0}
  m_NavMeshLayer: 0
  m_StaticEditorFlags: 0
  m_IsActive: 1
--- !u!4 &5346707519535351800
Transform:
  m_ObjectHideFlags: 0
  m_CorrespondingSourceObject: {fileID: 0}
  m_PrefabInstance: {fileID: 0}
  m_PrefabAsset: {fileID: 0}
  m_GameObject: {fileID: 8964428191691601387}
  m_LocalRotation: {x: 0, y: 0, z: 0, w: 1}
  m_LocalPosition: {x: 10.04, y: 2.51, z: 14.026644}
  m_LocalScale: {x: 1, y: 1, z: 1}
  m_Children:
  - {fileID: 5316570434815553910}
  - {fileID: 5322869564389764878}
  - {fileID: 7423403205437705235}
  - {fileID: 4397828208748634328}
  - {fileID: 2237238199935091318}
  - {fileID: 3567005199463085766}
  - {fileID: 2885623512464687700}
  m_Father: {fileID: 0}
  m_RootOrder: 0
  m_LocalEulerAnglesHint: {x: 0, y: 0, z: 0}
--- !u!1001 &2485860743426467593
PrefabInstance:
  m_ObjectHideFlags: 0
  serializedVersion: 2
  m_Modification:
    m_TransformParent: {fileID: 5346707519535351800}
    m_Modifications:
    - target: {fileID: -4216859302048453862, guid: 1cade1138edf94a4b9c557e73a2046f3,
        type: 3}
      propertyPath: m_LocalPosition.x
      value: 30.0052
      objectReference: {fileID: 0}
    - target: {fileID: -4216859302048453862, guid: 1cade1138edf94a4b9c557e73a2046f3,
        type: 3}
      propertyPath: m_LocalPosition.y
      value: 0.4985001
      objectReference: {fileID: 0}
    - target: {fileID: -4216859302048453862, guid: 1cade1138edf94a4b9c557e73a2046f3,
        type: 3}
      propertyPath: m_LocalPosition.z
      value: 2.8603554
      objectReference: {fileID: 0}
    - target: {fileID: -4216859302048453862, guid: 1cade1138edf94a4b9c557e73a2046f3,
        type: 3}
      propertyPath: m_LocalRotation.x
      value: -0.7071068
      objectReference: {fileID: 0}
    - target: {fileID: -4216859302048453862, guid: 1cade1138edf94a4b9c557e73a2046f3,
        type: 3}
      propertyPath: m_LocalRotation.y
      value: -0
      objectReference: {fileID: 0}
    - target: {fileID: -4216859302048453862, guid: 1cade1138edf94a4b9c557e73a2046f3,
        type: 3}
      propertyPath: m_LocalRotation.z
      value: -0
      objectReference: {fileID: 0}
    - target: {fileID: -4216859302048453862, guid: 1cade1138edf94a4b9c557e73a2046f3,
        type: 3}
      propertyPath: m_LocalRotation.w
      value: 0.7071067
      objectReference: {fileID: 0}
    - target: {fileID: -4216859302048453862, guid: 1cade1138edf94a4b9c557e73a2046f3,
        type: 3}
      propertyPath: m_RootOrder
      value: 2
      objectReference: {fileID: 0}
    - target: {fileID: -4216859302048453862, guid: 1cade1138edf94a4b9c557e73a2046f3,
        type: 3}
      propertyPath: m_LocalEulerAnglesHint.x
      value: 0
      objectReference: {fileID: 0}
    - target: {fileID: -4216859302048453862, guid: 1cade1138edf94a4b9c557e73a2046f3,
        type: 3}
      propertyPath: m_LocalEulerAnglesHint.y
      value: 0
      objectReference: {fileID: 0}
    - target: {fileID: -4216859302048453862, guid: 1cade1138edf94a4b9c557e73a2046f3,
        type: 3}
      propertyPath: m_LocalEulerAnglesHint.z
      value: 0
      objectReference: {fileID: 0}
    - target: {fileID: -4216859302048453862, guid: 1cade1138edf94a4b9c557e73a2046f3,
        type: 3}
      propertyPath: m_LocalScale.x
      value: 52.343
      objectReference: {fileID: 0}
    - target: {fileID: -4216859302048453862, guid: 1cade1138edf94a4b9c557e73a2046f3,
        type: 3}
      propertyPath: m_LocalScale.y
      value: 52.342983
      objectReference: {fileID: 0}
    - target: {fileID: -4216859302048453862, guid: 1cade1138edf94a4b9c557e73a2046f3,
        type: 3}
      propertyPath: m_LocalScale.z
      value: 52.342983
      objectReference: {fileID: 0}
    - target: {fileID: -927199367670048503, guid: 1cade1138edf94a4b9c557e73a2046f3,
        type: 3}
      propertyPath: m_Name
      value: NewsPaper_01
      objectReference: {fileID: 0}
    m_RemovedComponents: []
  m_SourcePrefab: {fileID: 100100000, guid: 1cade1138edf94a4b9c557e73a2046f3, type: 3}
--- !u!4 &7423403205437705235 stripped
Transform:
  m_CorrespondingSourceObject: {fileID: -4216859302048453862, guid: 1cade1138edf94a4b9c557e73a2046f3,
    type: 3}
  m_PrefabInstance: {fileID: 2485860743426467593}
  m_PrefabAsset: {fileID: 0}
--- !u!1001 &6518661962950863212
PrefabInstance:
  m_ObjectHideFlags: 0
  serializedVersion: 2
  m_Modification:
    m_TransformParent: {fileID: 5346707519535351800}
    m_Modifications:
    - target: {fileID: -4216859302048453862, guid: e29c7179868d98143afe5e72b3f441a9,
        type: 3}
      propertyPath: m_LocalPosition.x
      value: 29.7841
      objectReference: {fileID: 0}
    - target: {fileID: -4216859302048453862, guid: e29c7179868d98143afe5e72b3f441a9,
        type: 3}
      propertyPath: m_LocalPosition.y
      value: 0.49250007
      objectReference: {fileID: 0}
    - target: {fileID: -4216859302048453862, guid: e29c7179868d98143afe5e72b3f441a9,
        type: 3}
      propertyPath: m_LocalPosition.z
      value: 2.8303566
      objectReference: {fileID: 0}
    - target: {fileID: -4216859302048453862, guid: e29c7179868d98143afe5e72b3f441a9,
        type: 3}
      propertyPath: m_LocalRotation.x
      value: -0.7071068
      objectReference: {fileID: 0}
    - target: {fileID: -4216859302048453862, guid: e29c7179868d98143afe5e72b3f441a9,
        type: 3}
      propertyPath: m_LocalRotation.y
      value: -0
      objectReference: {fileID: 0}
    - target: {fileID: -4216859302048453862, guid: e29c7179868d98143afe5e72b3f441a9,
        type: 3}
      propertyPath: m_LocalRotation.z
      value: -0
      objectReference: {fileID: 0}
    - target: {fileID: -4216859302048453862, guid: e29c7179868d98143afe5e72b3f441a9,
        type: 3}
      propertyPath: m_LocalRotation.w
      value: 0.7071067
      objectReference: {fileID: 0}
    - target: {fileID: -4216859302048453862, guid: e29c7179868d98143afe5e72b3f441a9,
        type: 3}
      propertyPath: m_RootOrder
      value: 4
      objectReference: {fileID: 0}
    - target: {fileID: -4216859302048453862, guid: e29c7179868d98143afe5e72b3f441a9,
        type: 3}
      propertyPath: m_LocalEulerAnglesHint.x
      value: 0
      objectReference: {fileID: 0}
    - target: {fileID: -4216859302048453862, guid: e29c7179868d98143afe5e72b3f441a9,
        type: 3}
      propertyPath: m_LocalEulerAnglesHint.y
      value: 0
      objectReference: {fileID: 0}
    - target: {fileID: -4216859302048453862, guid: e29c7179868d98143afe5e72b3f441a9,
        type: 3}
      propertyPath: m_LocalEulerAnglesHint.z
      value: 0
      objectReference: {fileID: 0}
    - target: {fileID: -4216859302048453862, guid: e29c7179868d98143afe5e72b3f441a9,
        type: 3}
      propertyPath: m_LocalScale.x
      value: 50.295002
      objectReference: {fileID: 0}
    - target: {fileID: -4216859302048453862, guid: e29c7179868d98143afe5e72b3f441a9,
        type: 3}
      propertyPath: m_LocalScale.y
      value: 50.294987
      objectReference: {fileID: 0}
    - target: {fileID: -4216859302048453862, guid: e29c7179868d98143afe5e72b3f441a9,
        type: 3}
      propertyPath: m_LocalScale.z
      value: 50.294987
      objectReference: {fileID: 0}
    - target: {fileID: -927199367670048503, guid: e29c7179868d98143afe5e72b3f441a9,
        type: 3}
      propertyPath: m_Name
      value: NewsPaper_02 (2)
      objectReference: {fileID: 0}
    m_RemovedComponents: []
  m_SourcePrefab: {fileID: 100100000, guid: e29c7179868d98143afe5e72b3f441a9, type: 3}
--- !u!4 &2237238199935091318 stripped
Transform:
  m_CorrespondingSourceObject: {fileID: -4216859302048453862, guid: e29c7179868d98143afe5e72b3f441a9,
    type: 3}
  m_PrefabInstance: {fileID: 6518661962950863212}
  m_PrefabAsset: {fileID: 0}
--- !u!1001 &7886224632756349262
PrefabInstance:
  m_ObjectHideFlags: 0
  serializedVersion: 2
  m_Modification:
    m_TransformParent: {fileID: 5346707519535351800}
    m_Modifications:
    - target: {fileID: -4216859302048453862, guid: 1cade1138edf94a4b9c557e73a2046f3,
        type: 3}
      propertyPath: m_LocalPosition.x
      value: 29.9291
      objectReference: {fileID: 0}
    - target: {fileID: -4216859302048453862, guid: 1cade1138edf94a4b9c557e73a2046f3,
        type: 3}
      propertyPath: m_LocalPosition.y
      value: 0.5387001
      objectReference: {fileID: 0}
    - target: {fileID: -4216859302048453862, guid: 1cade1138edf94a4b9c557e73a2046f3,
        type: 3}
      propertyPath: m_LocalPosition.z
      value: 2.860857
      objectReference: {fileID: 0}
    - target: {fileID: -4216859302048453862, guid: 1cade1138edf94a4b9c557e73a2046f3,
        type: 3}
      propertyPath: m_LocalRotation.x
      value: -0.6894573
      objectReference: {fileID: 0}
    - target: {fileID: -4216859302048453862, guid: 1cade1138edf94a4b9c557e73a2046f3,
        type: 3}
      propertyPath: m_LocalRotation.y
      value: -0.15699925
      objectReference: {fileID: 0}
    - target: {fileID: -4216859302048453862, guid: 1cade1138edf94a4b9c557e73a2046f3,
        type: 3}
      propertyPath: m_LocalRotation.z
      value: 0.15699926
      objectReference: {fileID: 0}
    - target: {fileID: -4216859302048453862, guid: 1cade1138edf94a4b9c557e73a2046f3,
        type: 3}
      propertyPath: m_LocalRotation.w
      value: 0.6894572
      objectReference: {fileID: 0}
    - target: {fileID: -4216859302048453862, guid: 1cade1138edf94a4b9c557e73a2046f3,
        type: 3}
      propertyPath: m_RootOrder
      value: 6
      objectReference: {fileID: 0}
    - target: {fileID: -4216859302048453862, guid: 1cade1138edf94a4b9c557e73a2046f3,
        type: 3}
      propertyPath: m_LocalEulerAnglesHint.x
      value: -64.343
      objectReference: {fileID: 0}
    - target: {fileID: -4216859302048453862, guid: 1cade1138edf94a4b9c557e73a2046f3,
        type: 3}
      propertyPath: m_LocalEulerAnglesHint.y
      value: -90.00001
      objectReference: {fileID: 0}
    - target: {fileID: -4216859302048453862, guid: 1cade1138edf94a4b9c557e73a2046f3,
        type: 3}
      propertyPath: m_LocalEulerAnglesHint.z
      value: 90.00001
      objectReference: {fileID: 0}
    - target: {fileID: -4216859302048453862, guid: 1cade1138edf94a4b9c557e73a2046f3,
        type: 3}
      propertyPath: m_LocalScale.x
      value: 52.343
      objectReference: {fileID: 0}
    - target: {fileID: -4216859302048453862, guid: 1cade1138edf94a4b9c557e73a2046f3,
        type: 3}
      propertyPath: m_LocalScale.y
      value: 52.342995
      objectReference: {fileID: 0}
    - target: {fileID: -4216859302048453862, guid: 1cade1138edf94a4b9c557e73a2046f3,
        type: 3}
      propertyPath: m_LocalScale.z
      value: 52.342995
      objectReference: {fileID: 0}
    - target: {fileID: -927199367670048503, guid: 1cade1138edf94a4b9c557e73a2046f3,
        type: 3}
      propertyPath: m_Name
      value: NewsPaper_01 (1)
      objectReference: {fileID: 0}
    m_RemovedComponents: []
  m_SourcePrefab: {fileID: 100100000, guid: 1cade1138edf94a4b9c557e73a2046f3, type: 3}
--- !u!4 &2885623512464687700 stripped
Transform:
  m_CorrespondingSourceObject: {fileID: -4216859302048453862, guid: 1cade1138edf94a4b9c557e73a2046f3,
    type: 3}
  m_PrefabInstance: {fileID: 7886224632756349262}
  m_PrefabAsset: {fileID: 0}
--- !u!1001 &8429111886660656604
PrefabInstance:
  m_ObjectHideFlags: 0
  serializedVersion: 2
  m_Modification:
    m_TransformParent: {fileID: 5346707519535351800}
    m_Modifications:
    - target: {fileID: -4216859302048453862, guid: e29c7179868d98143afe5e72b3f441a9,
        type: 3}
      propertyPath: m_LocalPosition.x
      value: 29.7257
      objectReference: {fileID: 0}
    - target: {fileID: -4216859302048453862, guid: e29c7179868d98143afe5e72b3f441a9,
        type: 3}
      propertyPath: m_LocalPosition.y
      value: 0.4925
      objectReference: {fileID: 0}
    - target: {fileID: -4216859302048453862, guid: e29c7179868d98143afe5e72b3f441a9,
        type: 3}
      propertyPath: m_LocalPosition.z
      value: 2.8303566
      objectReference: {fileID: 0}
    - target: {fileID: -4216859302048453862, guid: e29c7179868d98143afe5e72b3f441a9,
        type: 3}
      propertyPath: m_LocalRotation.x
      value: -0.7071068
      objectReference: {fileID: 0}
    - target: {fileID: -4216859302048453862, guid: e29c7179868d98143afe5e72b3f441a9,
        type: 3}
      propertyPath: m_LocalRotation.y
      value: -0
      objectReference: {fileID: 0}
    - target: {fileID: -4216859302048453862, guid: e29c7179868d98143afe5e72b3f441a9,
        type: 3}
      propertyPath: m_LocalRotation.z
      value: -0
      objectReference: {fileID: 0}
    - target: {fileID: -4216859302048453862, guid: e29c7179868d98143afe5e72b3f441a9,
        type: 3}
      propertyPath: m_LocalRotation.w
      value: 0.7071067
      objectReference: {fileID: 0}
    - target: {fileID: -4216859302048453862, guid: e29c7179868d98143afe5e72b3f441a9,
        type: 3}
      propertyPath: m_RootOrder
      value: 5
      objectReference: {fileID: 0}
    - target: {fileID: -4216859302048453862, guid: e29c7179868d98143afe5e72b3f441a9,
        type: 3}
      propertyPath: m_LocalEulerAnglesHint.x
      value: 0
      objectReference: {fileID: 0}
    - target: {fileID: -4216859302048453862, guid: e29c7179868d98143afe5e72b3f441a9,
        type: 3}
      propertyPath: m_LocalEulerAnglesHint.y
      value: 0
      objectReference: {fileID: 0}
    - target: {fileID: -4216859302048453862, guid: e29c7179868d98143afe5e72b3f441a9,
        type: 3}
      propertyPath: m_LocalEulerAnglesHint.z
      value: 0
      objectReference: {fileID: 0}
    - target: {fileID: -4216859302048453862, guid: e29c7179868d98143afe5e72b3f441a9,
        type: 3}
      propertyPath: m_LocalScale.x
      value: 50.295002
      objectReference: {fileID: 0}
    - target: {fileID: -4216859302048453862, guid: e29c7179868d98143afe5e72b3f441a9,
        type: 3}
      propertyPath: m_LocalScale.y
      value: 50.294987
      objectReference: {fileID: 0}
    - target: {fileID: -4216859302048453862, guid: e29c7179868d98143afe5e72b3f441a9,
        type: 3}
      propertyPath: m_LocalScale.z
      value: 50.294987
      objectReference: {fileID: 0}
    - target: {fileID: -927199367670048503, guid: e29c7179868d98143afe5e72b3f441a9,
        type: 3}
      propertyPath: m_Name
      value: NewsPaper_02 (3)
      objectReference: {fileID: 0}
    m_RemovedComponents: []
  m_SourcePrefab: {fileID: 100100000, guid: e29c7179868d98143afe5e72b3f441a9, type: 3}
--- !u!4 &3567005199463085766 stripped
Transform:
  m_CorrespondingSourceObject: {fileID: -4216859302048453862, guid: e29c7179868d98143afe5e72b3f441a9,
    type: 3}
  m_PrefabInstance: {fileID: 8429111886660656604}
  m_PrefabAsset: {fileID: 0}
--- !u!1001 &8679155261970975682
PrefabInstance:
  m_ObjectHideFlags: 0
  serializedVersion: 2
  m_Modification:
    m_TransformParent: {fileID: 5346707519535351800}
    m_Modifications:
    - target: {fileID: -4216859302048453862, guid: e29c7179868d98143afe5e72b3f441a9,
        type: 3}
      propertyPath: m_LocalPosition.x
      value: 29.8527
      objectReference: {fileID: 0}
    - target: {fileID: -4216859302048453862, guid: e29c7179868d98143afe5e72b3f441a9,
        type: 3}
      propertyPath: m_LocalPosition.y
      value: 0.49250007
      objectReference: {fileID: 0}
    - target: {fileID: -4216859302048453862, guid: e29c7179868d98143afe5e72b3f441a9,
        type: 3}
      propertyPath: m_LocalPosition.z
      value: 2.8303566
      objectReference: {fileID: 0}
    - target: {fileID: -4216859302048453862, guid: e29c7179868d98143afe5e72b3f441a9,
        type: 3}
      propertyPath: m_LocalRotation.x
      value: -0.7071068
      objectReference: {fileID: 0}
    - target: {fileID: -4216859302048453862, guid: e29c7179868d98143afe5e72b3f441a9,
        type: 3}
      propertyPath: m_LocalRotation.y
      value: -0
      objectReference: {fileID: 0}
    - target: {fileID: -4216859302048453862, guid: e29c7179868d98143afe5e72b3f441a9,
        type: 3}
      propertyPath: m_LocalRotation.z
      value: -0
      objectReference: {fileID: 0}
    - target: {fileID: -4216859302048453862, guid: e29c7179868d98143afe5e72b3f441a9,
        type: 3}
      propertyPath: m_LocalRotation.w
      value: 0.7071067
      objectReference: {fileID: 0}
    - target: {fileID: -4216859302048453862, guid: e29c7179868d98143afe5e72b3f441a9,
        type: 3}
      propertyPath: m_RootOrder
      value: 3
      objectReference: {fileID: 0}
    - target: {fileID: -4216859302048453862, guid: e29c7179868d98143afe5e72b3f441a9,
        type: 3}
      propertyPath: m_LocalEulerAnglesHint.x
      value: 0
      objectReference: {fileID: 0}
    - target: {fileID: -4216859302048453862, guid: e29c7179868d98143afe5e72b3f441a9,
        type: 3}
      propertyPath: m_LocalEulerAnglesHint.y
      value: 0
      objectReference: {fileID: 0}
    - target: {fileID: -4216859302048453862, guid: e29c7179868d98143afe5e72b3f441a9,
        type: 3}
      propertyPath: m_LocalEulerAnglesHint.z
      value: 0
      objectReference: {fileID: 0}
    - target: {fileID: -4216859302048453862, guid: e29c7179868d98143afe5e72b3f441a9,
        type: 3}
      propertyPath: m_LocalScale.x
      value: 50.295002
      objectReference: {fileID: 0}
    - target: {fileID: -4216859302048453862, guid: e29c7179868d98143afe5e72b3f441a9,
        type: 3}
      propertyPath: m_LocalScale.y
      value: 50.294987
      objectReference: {fileID: 0}
    - target: {fileID: -4216859302048453862, guid: e29c7179868d98143afe5e72b3f441a9,
        type: 3}
      propertyPath: m_LocalScale.z
      value: 50.294987
      objectReference: {fileID: 0}
    - target: {fileID: -927199367670048503, guid: e29c7179868d98143afe5e72b3f441a9,
        type: 3}
      propertyPath: m_Name
      value: NewsPaper_02 (1)
      objectReference: {fileID: 0}
    m_RemovedComponents: []
  m_SourcePrefab: {fileID: 100100000, guid: e29c7179868d98143afe5e72b3f441a9, type: 3}
--- !u!4 &4397828208748634328 stripped
Transform:
  m_CorrespondingSourceObject: {fileID: -4216859302048453862, guid: e29c7179868d98143afe5e72b3f441a9,
    type: 3}
  m_PrefabInstance: {fileID: 8679155261970975682}
  m_PrefabAsset: {fileID: 0}
